@comment{---2017 ---}

@inproceedings{cardozo17,
 author = {Cardozo, Nicol\'{a}s and Dusparic, Ivana and Castro, Jorge H.},
 title = {Peace {COrP}: Learning to solve conflicts between contexts},
 booktitle = {International Workshop on Context-Oriented Programming},
 series = {COP'17},
 year = {2017},
 address = {New York, NY, USA},
} 

@webpage{mit17,
  Url = {http://news.mit.edu/2017/explained-neural-networks-deep-learning-0414}}

@comment{---2016 ---}

@article{durugkarRDM16,
  author    = {Ishan P. Durugkar, Clemens Rosenbaum, Stefan Dernbach, Sridhar Mahadevan},
  title     = {Deep Reinforcement Learning With Macro-Actions},
  journal   = {CoRR},
  volume    = {1606.04615},
  year      = {2016},
  OPTurl       = {http://arxiv.org/abs/1606.04615},
  timestamp = {Fri, 01 Jul 2016 01:00:00 +0200},
  OPTbiburl    = {http://dblp2.uni-trier.de/rec/bib/journals/corr/DurugkarRDM16},
  bibsource = {dblp computer science bibliography, http://dblp.org}
}

@article{leslie15,
  Author = {Leslie Smith},
  Journal = {WACV 2017},
  Keywords = {Learning rates for Neural Networks},
  Title = {Cyclical Learning Rates for Training Neural Networks},
  Year = {2015}}

@webpage{rish15,
  Url = {http://rishy.github.io/ml/2015/07/28/l1-vs-l2-loss/}}


@book{michalski13,
  Author = {R.S. Michalski, J.G. Carbonell, T.M. Mitchell},
  Keywords = {Intelligence (AI) & Semantics},
  Publisher = {Springer Science \& Business Media, 2013},
  Title = {Machine Learning: An Artificial Intelligence Approach},
  Year = {2013}}

@techreport{hinton13,
  Author = {Geoffrey Hinton},
  Institution = {Toronto University},
  Title = {Neural Networks for Machine Learning},
  Year = {2013}}

@comment{---2012 ---}

@article{dusparic12taas,
  title={Autonomic multi-policy optimization in pervasive systems: Overview and evaluation},
  author={Dusparic, Ivana and Cahill, Vinny},
  journal={TAAS},
  volume={7},
  number={1},
  OPTpages={11},
  year={2012},
  publisher={ACM}
}

@comment{---2009 ---}

@book{russel09,
	Author = {Stuart J. Russell and Peter Norvig},
	Edition = {3},
	Isbn = {0-13-790395-2},
	Publisher = {Prentice Hall},
	Title = {Artificial Intelligence: A Modern Approach},
	Year = {2009}}

@comment{---2007 ---}

@article{tesauro07,
    author = {Tesauro G.},
	journal = {IEEE Internet Computing},
	year={2007},
	number = {1},
    volume = {11},
	OPTpages = {22--30},
	title = {Reinforcement learning in autonomic computing: A manifesto and case studies}
}

@comment{---2006 ---}

@inproceedings{yoshikawaK06,
  author    = {Takeshi Yoshikawa and
               Masahito Kurihara},
  title     = {An Acquiring Method of Macro-Actions in Reinforcement Learning},
  booktitle = {Proceedings of the {IEEE} International Conference on Systems, Man
               and Cybernetics, Taipei, Taiwan, October 8-11, 2006},
  pages     = {4813--4817},
  year      = {2006},
  OPTdoi       = {10.1109/ICSMC.2006.385067}
}

@comment{---2004 ---}

% using  macro-actions
@INPROCEEDINGS{elfwing04, 
author={S. Elfwing and E. Uchibe and K. Doya and H. I. Christensen}, 
booktitle={IEEE/RSJ International Conference on Intelligent Robots and Systems}, 
title={Multi-agent reinforcement learning: using macro actions to learn a mating task}, 
year={2004}, 
series = {IROS'04},
volume={4}, 
pages={3164-3169}, 
OPTdoi={10.1109/IROS.2004.1389904}, 
month={Sept}}

@comment{---2002 ---}

@INPROCEEDINGS{pickett02,
    author = {Marc Pickett and Andrew G. Barto},
    title = {PolicyBlocks: An Algorithm for Creating Useful Macro-Actions in Reinforcement Learning},
    booktitle = {Int. Conference on Machine Learning},
    year = {2002},
    pages = {506--513},
    publisher = {Morgan Kaufmann}
}

@comment{--- 1998 ---}

@inproceedings{randlov98,
 author = {Randl{\o}v, Jette},
 title = {Learning Macro-actions in Reinforcement Learning},
 booktitle = {Proceedings of the 11th International Conference on Neural Information Processing Systems},
 series = {NIPS'98},
 year = {1998},
 location = {Denver, CO},
 pages = {1045--1051},
 numpages = {7},
 OPTurl = {http://dl.acm.org/citation.cfm?id=3009055.3009201},
 acmid = {3009201},
 publisher = {MIT Press},
 address = {Cambridge, MA, USA},
}

@INPROCEEDINGS{mcgovern98,
    author = {Amy Mcgovern},
    title = {acQuire-macros: An Algorithm for Automatically Learning Macro-actions},
    booktitle = {In NIPS'98 Workshop on Abstraction and Hierarchy in Reinforcement Learning},
    year = {1998}
}

@book{sutton98,
 author = {Sutton R. S. and Barto A. G. },
 title = {Reinforcement Learning: An Introduction.},
 year = {1998},
  publisher = {Bradford
Book. The MIT Press, Cambridge, Massachusetts}}

@techreport{mcgovern98,
 author = {McGovern, Amy and Sutton, Richard S.},
 title = {Macro-Actions in Reinforcement Learning: An Empirica Analysis},
 year = {1998},
 publisher = {University of Massachusetts},
 address = {Amherst, MA, USA},
} 


@comment{---1993 ---}

@book{fausett93,
  Author = {Laurene Fausett},
  Date-Added = {2018-05-01 208:48:12 p. m. +0000},
  Date-Modified = {2018-05-01 208:49:24 p. m. +0000},
  Publisher = {Pearson},
  Title = {Fundamentals of Neural Networks: Architectures, Algorithms And Applications},
  Year = {1993}}

@comment{---1997 ---}

@book{mitchell97,
 author = {Mitchell, Thomas M.},
 title = {Machine Learning},
 year = {1997},
 isbn = {0070428077, 9780070428072},
 edition = {1},
 publisher = {McGraw-Hill, Inc.},
 address = {New York, NY, USA},
}


@comment{---1992 ---}

@article{watkins92,
        author = {Watkins, Christopher  J. C. H.  and Dayan, Peter},
	journal = {Machine Learning},
	month = {May},
year={1992},
	number = {3},
   volume = {8},
	OPTpages = {279--292},
	title = {Technical Note: Q-Learning},
}

@comment{---1991 ---}

@book{freeman91,
  Author = {James A. Freeman James A. Freeman, David M. Skapura},
  Date-Added = {2018-05-01 208:43:35 p. m. +0000},
  Date-Modified = {2018-05-01 208:45:54 p. m. +0000},
  Keywords = {Neural Systems},
  Publisher = {Addison-Wesley },
  Title = {Neural Networks: Algorithms, Applications, and Programming Techniques },
  Year = {1991}}

@comment{--- 1984 ---}

@book{winston84,
	Author = {Patrick H. Winston},
	Edition = {2},
	Isbn = {0-201-08259-4},
	Publisher = {Addison-wesley},
	Title = {Artificial Intelligence },
	Year = {1984}}

