%% This BibTeX bibliography file was created using BibDesk.
%% https://bibdesk.sourceforge.io/

%% Created for Valentina Chac√≥n Buitrago at 2018-05-01 10:45:50 -0500 


%% Saved with string encoding Unicode (UTF-8) 




