%% This BibTeX bibliography file was created using BibDesk.
%% https://bibdesk.sourceforge.io/

%% Created for Valentina Chac√≥n Buitrago at 2018-05-01 4:00:18 -0500 


%% Saved with string encoding Unicode (UTF-8) 



@techreport{hinton13,
	Author = {Geoffrey Hinton},
	Date-Added = {2018-05-01 208:58:35 p. m. +0000},
	Date-Modified = {2018-05-01 219:00:07 p. m. +0000},
	Institution = {Toronto University},
	Title = {Neural Networks for Machine Learning},
	Year = {2013}}

@book{fausett93,
	Author = {Laurene Fausett},
	Date-Added = {2018-05-01 208:48:12 p. m. +0000},
	Date-Modified = {2018-05-01 208:49:24 p. m. +0000},
	Publisher = {Pearson},
	Title = {Fundamentals of Neural Networks: Architectures, Algorithms And Applications},
	Year = {1993}}

@book{freeman91,
	Author = {James A. Freeman James A. Freeman, David M. Skapura},
	Date-Added = {2018-05-01 208:43:35 p. m. +0000},
	Date-Modified = {2018-05-01 208:45:54 p. m. +0000},
	Keywords = {Neural Systems},
	Publisher = {Addison-Wesley },
	Title = {Neural Networks: Algorithms, Applications, and Programming Techniques },
	Year = {1991}}
