
@inproceedings{holzl15,
	Address = {Piscataway, NJ, USA},
	Author = {H\"{o}lzl, Matthias and Gabor, Thomas},
	Booktitle = {Proceedings of the First International Workshop on Software Engineering for Smart Cyber-Physical Systems},
	Location = {Florence, Italy},
	Month = {May},
	Pages = {19--25},
	Publisher = {IEEE Press},
	Series = {SEsCPS '15},
	Title = {Continuous Collaboration: A Case Study on the Development of an Adaptive Cyber-physical System},
	Year = {2015}}

@article{mattern10,
	Author = {Friedemann Mattern and Christian Floerkemeier},
	Journal = {Informatik-Spektrum},
	Number = {2},
	Pages = {107--121},
	Title = {From the Internet of computers to the Internet of Things},
	Volume = {33},
	Year = {2010}}

@webpage{mit17,
	  Url = {http://news.mit.edu/2017/explained-neural-networks- deep-learning-0414}}

@webpage{rish15,
	  Url = {http://rishy.github.io/ml/2015/07/28/l1-vs-l2-loss/}}
	
@article{zanella14,
	Author = {Andrea Zanella and Nicola Bui and Angelo Castellani and Lorenzo Vangelista and Michele Zorzi},
	Journal = {IEEE Internet of Things Journal},
	Month = {February},
	Number = {1},
	Pages = {22--32},
	Title = {Internet of Things for Smart Cities},
	Volume = {1},
	Year = {2014}}
